<?xml version='1.0' encoding='UTF-8'?>
<record xmlns="http://www.loc.gov/MARC21/slim">
  <leader>05544cam a2200781 a 4500</leader>
  <controlfield tag="001">412274</controlfield>
  <controlfield tag="003">NjP</controlfield>
  <controlfield tag="005">20180913100423.0</controlfield>
  <controlfield tag="008">871119m19849999ir       b    001 0cara d</controlfield>
  <datafield tag="024" ind1="7" ind2=" ">
    <subfield code="a">princeton_aco003086</subfield>
    <subfield code="2">local</subfield>
  </datafield>
  <datafield ind1=" " ind2=" " tag="020">
    <subfield code="a">9789647792400 set</subfield>
  </datafield>
  <datafield ind1=" " ind2=" " tag="020">
    <subfield code="a">9789644751851 set</subfield>
  </datafield>
  <datafield ind1=" " ind2=" " tag="020">
    <subfield code="a">9789644751943 set</subfield>
  </datafield>
  <datafield ind1=" " ind2=" " tag="020">
    <subfield code="a">9789647792417 (v. 15/1)</subfield>
  </datafield>
  <datafield ind1=" " ind2=" " tag="020">
    <subfield code="a">9789647792424 (v. 15/2)</subfield>
  </datafield>
  <datafield ind1=" " ind2=" " tag="020">
    <subfield code="a">9789647792462 (v. 15/3)</subfield>
  </datafield>
  <datafield ind1=" " ind2=" " tag="020">
    <subfield code="a">9789647792455 (v. 15/4)</subfield>
  </datafield>
  <datafield ind1=" " ind2=" " tag="020">
    <subfield code="a">9789647792479 (v. 15/5</subfield>
  </datafield>
  <datafield ind1=" " ind2=" " tag="020">
    <subfield code="a">9789644751837 (v. 24/1)</subfield>
  </datafield>
  <datafield ind1=" " ind2=" " tag="020">
    <subfield code="a">9789644751844 (v. 24/2)</subfield>
  </datafield>
  <datafield ind1=" " ind2=" " tag="020">
    <subfield code="a">9789644751929 (v. 25/1)</subfield>
  </datafield>
  <datafield ind1=" " ind2=" " tag="020">
    <subfield code="a">9789644751936 (v. 25/2)</subfield>
  </datafield>
  <datafield ind1=" " ind2=" " tag="020">
    <subfield code="a">9786002430014 (v. 26/1)</subfield>
  </datafield>
  <datafield ind1=" " ind2=" " tag="020">
    <subfield code="a">9786002430021 (v. 26/2)</subfield>
  </datafield>
  <datafield ind1=" " ind2=" " tag="020">
    <subfield code="a">9786002430038 (v. 26/3)</subfield>
  </datafield>
  <datafield ind1=" " ind2=" " tag="020">
    <subfield code="a">9786002430045 (v. 26/4)</subfield>
  </datafield>
  <datafield ind1=" " ind2=" " tag="020">
    <subfield code="a">9786002430052 (v. 26/5)</subfield>
  </datafield>
  <datafield ind1=" " ind2=" " tag="035">
    <subfield code="a">(OCoLC)ocn175748473</subfield>
  </datafield>
  <datafield ind1=" " ind2=" " tag="040">
    <subfield code="a">NjP</subfield>
    <subfield code="c">PUL</subfield>
    <subfield code="d">PUL</subfield>
  </datafield>
  <datafield ind1=" " ind2=" " tag="035">
    <subfield code="a">(OCoLC)175748473</subfield>
  </datafield>
  <datafield ind1=" " ind2=" " tag="035">
    <subfield code="a">(CStRLIN)NJPG87-B58437</subfield>
  </datafield>
  <datafield ind1=" " ind2=" " tag="035">
    <subfield code="9">ABY7800TS</subfield>
  </datafield>
  <datafield ind1=" " ind2=" " tag="035">
    <subfield code="a">(NjP)412274</subfield>
  </datafield>
  <datafield ind1=" " ind2=" " tag="079">
    <subfield code="a">ocm22315404</subfield>
  </datafield>
  <datafield ind1=" " ind2=" " tag="049">
    <subfield code="a">PULL</subfield>
  </datafield>
  <datafield ind1="1" ind2=" " tag="100">
    <subfield code="6">880-01</subfield>
    <subfield code="a">Baḥrānī al-Iṣfahānī, ʻAbd Allāh.</subfield>
  </datafield>
  <datafield ind1="1" ind2="0" tag="245">
    <subfield code="6">880-02</subfield>
    <subfield code="a">ʻAwālim al-ʻulūm wa-al-maʻārif wa-al-aḥwāl min al-āyāt wa-al-akhbār wa-al-aqwāl /</subfield>
    <subfield code="c">lil-muḥaddith ʻAbd Allāh al-Baḥrānī al-Iṣfahānī.</subfield>
  </datafield>
  <datafield ind1=" " ind2=" " tag="250">
    <subfield code="6">880-03</subfield>
    <subfield code="a">al-Ṭabʻah 1.</subfield>
  </datafield>
  <datafield ind1=" " ind2=" " tag="260">
    <subfield code="6">880-04</subfield>
    <subfield code="a">Qum :</subfield>
    <subfield code="b">Muassasat al-Imām al-Mahdī,</subfield>
    <subfield code="c">1405- [1984 or 1985- ]</subfield>
  </datafield>
  <datafield ind1=" " ind2=" " tag="300">
    <subfield code="a">v. ;</subfield>
    <subfield code="c">25 cm.</subfield>
  </datafield>
  <datafield ind1="1" ind2=" " tag="490">
    <subfield code="6">880-05</subfield>
    <subfield code="a">v. 1: Mawsūʻat al-Imām Mūsá ibn Jaʻfar ;</subfield>
    <subfield code="v">1</subfield>
  </datafield>
  <datafield ind1="1" ind2=" " tag="490">
    <subfield code="6">880-06</subfield>
    <subfield code="a">v. 15/3: Mawsūʻat al-Imām al-Mahdī ;</subfield>
    <subfield code="v">1</subfield>
  </datafield>
  <datafield ind1=" " ind2=" " tag="500">
    <subfield code="a">Vols. 24-25/1-2 has title: Mustadrak ʻAwālim al-ʻulūm wa-al-maʻārif wa-al-aḥwāl min al-āyāt wa-al-akhbār wa-al-aqwāl.</subfield>
  </datafield>
  <datafield ind1=" " ind2=" " tag="500">
    <subfield code="a">Muassasat al-Imām al-Mahdī.</subfield>
  </datafield>
  <datafield ind1=" " ind2=" " tag="500">
    <subfield code="a">Vols. 25/1-2 published by: Dar al-Nashr al-Islām.</subfield>
  </datafield>
  <datafield ind1=" " ind2=" " tag="504">
    <subfield code="a">Includes bibliographical references.</subfield>
  </datafield>
  <datafield ind1="1" ind2=" " tag="505">
    <subfield code="6">880-12</subfield>
    <subfield code="a">juzʼ 2-3. al-ʻAql al-ʻIlm -- juzʼ 11. Fāṭimah al-Zahrāʼ -- juzʼ 15/1. Fi ah̲vāl Amīr al-Muʼminīn ʻalayhim al-salām --juzʼ 15/2. Fī al-Āyāt al-Muʻulah bi-Amīr al-Muʼminīn -- juzʼ 15/3. Fī al-nuṣūṣ ʻalá al-aʼimmah al-ithná ʻashar --juzʼ 15/4. Fī al-nass ʻalá Imāmatihī fī ḥadīth al-Ghādīr --juzʼ 15/5. Fī al-nuṣūṣ al-khaṣṣah bi-Imāmatuh-- juzʼ 16. al-Imām al-Ḥasan -- juzʼ 17. al-Imām al-Ḥusayn -- juzʼ 18. al-Imām ʻAlī ibn al-Ḥusayn -- juzʼ 21. al-Imām Mūsá ibn Jaʻfar -- juzʼ 22. al-Imām Abī ibn Mūsá al-Riḍā -- juzʼ 24/1-2. Fī aḥwāl al-Imām ʻAlī ibn Muḥammad al-Hādī -- juzʼ 25/1-2. Fī aḥwāl al-Imām al-Ḥasan ibn ʻAlī al-ʻAskarī -- juzʼ 26/1-5. al-Imam al-Ḥujjat bin al-Ḥasan al-Mahdi ̄</subfield>
  </datafield>
  <datafield ind1=" " ind2=" " tag="500">
    <subfield code="6">880-08</subfield>
    <subfield code="a">Vol. 18 also contains Risālat al-ḥuqūq by ʻAlī ibn Abī Ṭālib.</subfield>
  </datafield>
  <datafield ind1=" " ind2="0" tag="650">
    <subfield code="a">Shiites</subfield>
    <subfield code="x">Biography.</subfield>
    <subfield code="0">http://id.loc.gov/authorities/subjects/sh2008111229</subfield>
  </datafield>
  <datafield ind1="0" ind2="2" tag="700">
    <subfield code="6">880-09</subfield>
    <subfield code="a">ʻAlī ibn Abī Ṭālib,</subfield>
    <subfield code="c">Caliph,</subfield>
    <subfield code="d">ca. 600-661.</subfield>
    <subfield code="t">Risālat al-ḥuqūq.</subfield>
    <subfield code="f">1984.</subfield>
    <subfield code="0">http://id.loc.gov/authorities/names/n50039100</subfield>
  </datafield>
  <datafield ind1="0" ind2=" " tag="740">
    <subfield code="6">880-10</subfield>
    <subfield code="a">Risālat al-ḥuqūq.</subfield>
  </datafield>
  <datafield ind1=" " ind2="0" tag="830">
    <subfield code="a">Mawsūʻat al-Imām Mūsá ibn Jaʻfar ;</subfield>
    <subfield code="v">1.</subfield>
  </datafield>
  <datafield ind1=" " ind2="0" tag="830">
    <subfield code="6">880-11</subfield>
    <subfield code="a">Mawsūʻat al-Imām al-Mahdī (Qum, Iran) ;</subfield>
    <subfield code="v">1.</subfield>
  </datafield>
  <datafield ind1="1" ind2=" " tag="880">
    <subfield code="6">100-01/r</subfield>
    <subfield code="a">بحراني الاصفهاني، عبد الله.</subfield>
  </datafield>
  <datafield ind1="1" ind2="0" tag="880">
    <subfield code="6">245-02/r</subfield>
    <subfield code="a">عوالم العلوم والمعارف والاحوال من الايات والاخبار والاقوال /</subfield>
    <subfield code="c">للمحدث عبد الله البحراني الاصفهاني.</subfield>
  </datafield>
  <datafield ind1=" " ind2=" " tag="880">
    <subfield code="6">250-03/r</subfield>
    <subfield code="a">الطبعة 1.</subfield>
  </datafield>
  <datafield ind1=" " ind2=" " tag="880">
    <subfield code="6">260-04/r</subfield>
    <subfield code="a">قم :</subfield>
    <subfield code="b">مدرسة الامام المهدي،</subfield>
    <subfield code="c">1405- [1984 or 1985- ]</subfield>
  </datafield>
  <datafield ind1="1" ind2=" " tag="880">
    <subfield code="6">490-05/r</subfield>
    <subfield code="a">v.1: موسوعة الامام موسى بن جعفر ؛</subfield>
    <subfield code="v">1</subfield>
  </datafield>
  <datafield ind1="1" ind2=" " tag="880">
    <subfield code="6">490-06/r</subfield>
    <subfield code="a">v. 15/3: موسوعة الامام المهدي ؛</subfield>
    <subfield code="v">1</subfield>
  </datafield>
  <datafield ind1=" " ind2=" " tag="880">
    <subfield code="6">500-08/r</subfield>
    <subfield code="a">ڤل. 18 الس نتنس رسالة الحقوق بي علي بن ابي طالب.</subfield>
  </datafield>
  <datafield ind1="0" ind2="2" tag="880">
    <subfield code="6">700-09/r</subfield>
    <subfield code="t">رسالة الحقوق.</subfield>
    <subfield code="a">علي بن ابي طالب،</subfield>
    <subfield code="c">لپه،</subfield>
    <subfield code="d">600 (.)661.</subfield>
    <subfield code="f">1984.</subfield>
  </datafield>
  <datafield ind1="0" ind2=" " tag="880">
    <subfield code="6">740-10/r</subfield>
    <subfield code="a">رسالة الحقوق.</subfield>
  </datafield>
  <datafield ind1=" " ind2="0" tag="880">
    <subfield code="6">830-00/r</subfield>
    <subfield code="a">موسوعة الامام موسى بن جعفر ؛</subfield>
    <subfield code="v">1.</subfield>
  </datafield>
  <datafield ind1=" " ind2="0" tag="880">
    <subfield code="6">830-11/r</subfield>
    <subfield code="a">موسوعة الامام المهدي (قم، ايران) ؛</subfield>
    <subfield code="v">1.</subfield>
  </datafield>
  <datafield ind1="1" ind2=" " tag="880">
    <subfield code="6">505-12‏/r</subfield>
    <subfield code="a">جزء ٢-٣. العقل. العلم -- جزء ١١. فاطمة الزهراء -- جزء ١٥/١. ف احوال أمير المؤمنين عليهم السلام --جزء ١٥/٢. في الآيات الموولة بأمير المؤمنين -- جزء ١٥/٣. في النصوص على امامة الإثنى عشر --جزء ١٥/٤. في النص على إمامته في حديث الغدير --جزء ١٥/٥. في نصوص الخاصة بإمامته-- جزء ١٦. الإمام الحسا -- جزء ١٧. الإمام الحسين -- جزء ١٨. الإمام علي بن الحسين -- جزء ٢١. الإمام موسى بن جعفر -- جزء ٢٢. الإمام أبي بن موسى الرضا -- جزء 25/ 1-2. في احوال الامام الحسن بن علي العسكري -- جزء 26/ 1-5. الامم الحجة بن الحسن المهدى--جزء 24/1-2. في احوال الامام علي بن محمد الهادي--جزء ٢٦/-١-٥</subfield>
  </datafield>
  <datafield ind1=" " ind2=" " tag="998">
    <subfield code="s">9118</subfield>
    <subfield code="a">02/11/92</subfield>
    <subfield code="b">CS</subfield>
    <subfield code="c">KVV</subfield>
    <subfield code="d">11/19/87</subfield>
    <subfield code="i">920211</subfield>
    <subfield code="l">NJPG</subfield>
    <subfield code="n">NjP</subfield>
    <subfield code="w">NJPG87B58437</subfield>
  </datafield>
  <datafield ind1=" " ind2=" " tag="911">
    <subfield code="a">19921028</subfield>
  </datafield>
  <datafield ind1=" " ind2=" " tag="912">
    <subfield code="a">19920211000000.0</subfield>
  </datafield>
  <datafield ind1=" " ind2=" " tag="994">
    <subfield code="a">C0</subfield>
    <subfield code="b">PUL</subfield>
  </datafield>
  <datafield ind1=" " ind2=" " tag="999">
    <subfield code="a">412274</subfield>
  </datafield>
  <datafield ind1="0" ind2=" " tag="852">
    <subfield code="0">449063</subfield>
    <subfield code="b">rcppa</subfield>
    <subfield code="t">1</subfield>
    <subfield code="h">BP192.8</subfield>
    <subfield code="i">.B33</subfield>
    <subfield code="x">tr fr arab</subfield>
  </datafield>
  <datafield ind1=" " ind2="0" tag="866">
    <subfield code="0">449063</subfield>
    <subfield code="a">Juzʾ 2-, 11, 15/1-15/5, 16-18, 21, 22; 24/1-24/2- 26/1-26/5</subfield>
  </datafield>
  <datafield ind1=" " ind2="0" tag="866">
    <subfield code="0">449063</subfield>
    <subfield code="x">DESIGNATOR: juz</subfield>
  </datafield>
  <datafield ind1=" " ind2="0" tag="866">
    <subfield code="0">449063</subfield>
    <subfield code="z">Juz' 3 missing at time of transfer to recap. slh 10-16-14</subfield>
  </datafield>
  <datafield ind1=" " ind2=" " tag="959">
    <subfield code="a">2000-06-13 00:00:00 -0500</subfield>
  </datafield>
</record>
